@online{medium,
    author    = "Alex Baretto",
    title     = "Knuth: Computers and Typesetting",
    url       = "https://medium.com/@axbaretto/being-recently-asked-to-do-a-comparison-of-kubernetes-with-the-mesos-marathon-container-c5a8a58c44e"
}

@online{Helm,
    author    = "Kumar Chandrakant",
    title     = "Using Helm and Kubernetes",
    url       = "https://www.baeldung.com/kubernetes-helm"
}

@unknown{unknown,
    author = {Truyen, Eddy and Landuyt, Dimitri and Preuveneers, Davy and Lagaisse, Bert and Joosen, Wouter},
    year = {2020},
    month = {02},
    pages = {},
    title = {A Comprehensive Feature Comparison Study of Open-Source Container Orchestration Frameworks}
}

@book{article,
    author = {Maheshwari, Sumit and Deochake, Saurabh and De, Ridip and Grover, Anish},
    year = {2018},
    month = {08},
    pages = {},
    title = {Comparative Study of Virtual Machines and Containers for DevOps Developers}
}

@online{dcos,
    author    = "DCOS",
    title     = "Documentation développeur",
    url       = "https://docs.d2iq.com/mesosphere/dcos/2.1/"
}
@online{Kubernetes,
    author    = "Kubernetes",
    title     = "Documentation développeur",
    url       = "https://kubernetes.io/docs/home/"
}
@online{Helm,
    author    = "Helm",
    title     = "Documentation développeur",
    url       = "https://helm.sh/docs/"
}
@online{Argo,
    author    = "Argo",
    title     = "Documentation développeur",
    url       = "https://argoproj.github.io/argo-cd/"
}


@online{Orchestrateur,
    author    = "IBM cloud, Sai Venam",
    title     = "Explication de l'orchestration des conteneurs",
    url       = "https://www.youtube.com/watch?v=kBF6Bvth0zw"
}

@online{kuuuub,
    author    = "JB Claramonte - G. EGRON - C. Hauber",
    title     = "Kubernetes University, Cap sur l’orchestration Docker !",
    url       = "https://www.youtube.com/watch?v=QDvxQWKY17s&t=2093s"
}

@online{kuuuub2,
    author    = "Arthur Outhenin-Chalandre",
    title     = "GitOps : tour d’horizon des pratiques et des outils",
    url       = "https://www.objectif-libre.com/fr/blog/2019/12/17/gitops-tour-horizon-pratiques-outils/"
}

@online{kuuuub3,
    author    = "Mohamed Chaaben",
    title     = "Pourquoi vous devriez passer à GitOps",
    url       = "https://blog.revolve.team/2020/01/13/pourquoi-gitops/"
}

@conference {240878,
author = {Ryan Cook},
title = {GitOps, an Elegant Tool for Hybrid Cloud Kubernetes},
year = {2019},
address = {Portland, OR},
publisher = {{USENIX} Association},
month = oct,
}

@book{hightower2017kubernetes,
  title={Kubernetes: Up and Running: Dive Into the Future of Infrastructure},
  author={Hightower, K. and Burns, B. and Beda, J.},
  isbn={9781491936023},
  url={https://books.google.fr/books?id=K5Q0DwAAQBAJ},
  year={2017},
  publisher={O'Reilly Media}
}

